<collection xmlns="http://www.loc.gov/MARC21/slim">
<record>
  <leader>00887nam0a2200217 i 450 </leader>
  <controlfield tag="001">IT\ICCU\CNCE\007549</controlfield>
  <controlfield tag="005">19990521000000.0</controlfield>
  <datafield tag="012" ind1=" " ind2=" ">
    <subfield code="a">a.di o,ie i-an hia- (C) 1585 (R)</subfield>
    <subfield code="2">fei</subfield>
  </datafield>
  <datafield tag="100" ind1=" " ind2=" ">
    <subfield code="a">19970101d1585        0itac0103    ba</subfield>
  </datafield>
  <datafield tag="101" ind1=" " ind2=" ">
    <subfield code="a">ITA</subfield>
  </datafield>
  <datafield tag="102" ind1=" " ind2=" ">
    <subfield code="a">IT</subfield>
  </datafield>
  <datafield tag="200" ind1="1" ind2=" ">
    <subfield code="a">Breve ragguaglio dell&apos;isola del Giappone, hauuto con la venuta a Roma delli legati di quel regno</subfield>
  </datafield>
  <datafield tag="210" ind1=" " ind2=" ">
    <subfield code="a">Stampato in Roma</subfield>
    <subfield code="d">&amp; ristampato in Venetia</subfield>
    <subfield code="c">a instanza di Simon Parlascha</subfield>
    <subfield code="d">1585</subfield>
  </datafield>
  <datafield tag="215" ind1=" " ind2=" ">
    <subfield code="a">\4! c.</subfield>
    <subfield code="d">8ʻ</subfield>
  </datafield>
  <datafield tag="620" ind1=" " ind2=" ">
    <subfield code="a">IT</subfield>
    <subfield code="d">Venezia</subfield>
  </datafield>
  <datafield tag="712" ind1="0" ind2="0">
    <subfield code="a">Parlasca, Simone</subfield>
    <subfield code="3">IT\ICCU\CNCT\001187</subfield>
    <subfield code="4">650</subfield>
  </datafield>
  <datafield tag="791" ind1="0" ind2="0">
    <subfield code="a">Perlasca, Simone</subfield>
    <subfield code="3">IT\ICCU\CNCT\002271</subfield>
    <subfield code="z">Parlasca, Simone</subfield>
  </datafield>
  <datafield tag="791" ind1="0" ind2="0">
    <subfield code="a">Parlascha, Simon</subfield>
    <subfield code="3">IT\ICCU\CNCT\005278</subfield>
    <subfield code="z">Parlasca, Simone</subfield>
  </datafield>
  <datafield tag="791" ind1="0" ind2="0">
    <subfield code="a">Parlaschi, Simone</subfield>
    <subfield code="3">IT\ICCU\CNCT\005279</subfield>
    <subfield code="z">Parlasca, Simone</subfield>
  </datafield>
  <datafield tag="801" ind1=" " ind2="3">
    <subfield code="a">IT</subfield>
    <subfield code="b">ICCU</subfield>
    <subfield code="c">20201113</subfield>
  </datafield>
  <datafield tag="899" ind1=" " ind2=" ">
    <subfield code="a">Biblioteca comunale dell&apos;Archiginnasio. Bologna</subfield>
    <subfield code="1">BO0304</subfield>
    <subfield code="2">UBO GA</subfield>
  </datafield>
</record>
</collection>
